@article{hall2020,
  author  = {Bill Hall and James Jones and Mark Todd},
  title   = {A Good Article},
  journal = {Computer},
  volume  = {280},
  number  = {10},
  pages   = {100-100},
  year    = {2020}
}

@misc{latex,
  title        = {LaTeX - a document preparation system},
  howpublished = {https://latex-project.org}
}

@book{smith2020,
  author    = {Tom Smith},
  pages     = {500},
  publisher = {PubCo},
  location  = {City, State},
  title     = {A Super Book},
  year      = {2020}
}